Trd, 000102.958, 103.999
Trd, 000103.354, 103
Trd, 000106.104, 106
Trd, 000108.312, 101
Trd, 000109.333, 93.0
Trd, 000110.458, 110.0
Trd, 000116.229, 102.0
Trd, 000120.458, 103
Trd, 000122.687, 103
Trd, 000123.125, 101.00400000000002
Trd, 000125.542, 102
Trd, 000127.500, 103
Trd, 000127.708, 100.00200000000001
Trd, 000129.771, 103
Trd, 000139.021, 100.001
Trd, 000140.021, 100.00200000000001
Trd, 000143.812, 101
Trd, 000144.750, 100.999
Trd, 000145.167, 101
Trd, 000149.042, 100
Trd, 000149.104, 106
Trd, 000151.958, 100
Trd, 000153.062, 110.0
Trd, 000159.146, 102
Trd, 000162.375, 93.0
Trd, 000163.146, 102.0
Trd, 000165.146, 97
Trd, 000165.833, 100.999
Trd, 000171.396, 98
Trd, 000174.021, 98
Trd, 000178.292, 98
Trd, 000182.396, 97.01100000000005
Trd, 000183.542, 99
Trd, 000183.875, 106
Trd, 000183.979, 110.0
Trd, 000193.604, 107
Trd, 000194.375, 101.00200000000001
Trd, 000195.521, 101.00200000000001
Trd, 000201.958, 101.999
Trd, 000202.354, 101
Trd, 000204.208, 93.0
Trd, 000204.354, 100
Trd, 000209.958, 92
Trd, 000213.500, 95
Trd, 000215.563, 102.0
Trd, 000216.833, 98.001
Trd, 000217.521, 98
Trd, 000219.750, 93.0
Trd, 000221.708, 97
Trd, 000223.875, 89.0
Trd, 000228.104, 93.0
Trd, 000230.125, 106
Trd, 000231.625, 99
Trd, 000233.583, 106
Trd, 000236.125, 100.00200000000001
Trd, 000241.875, 101.99799999999999
Trd, 000243.271, 101
Trd, 000245.000, 100
Trd, 000245.646, 102.0
Trd, 000245.667, 102
Trd, 000245.979, 99
Trd, 000247.396, 110.0
Trd, 000250.667, 102.0
Trd, 000251.771, 115.0
Trd, 000253.375, 98
Trd, 000257.875, 97
Trd, 000258.479, 93.0
Trd, 000263.750, 88
Trd, 000266.521, 84.999
Trd, 000269.792, 85
Trd, 000275.083, 95.001
Trd, 000275.750, 100.99099999999996
Trd, 000276.813, 106
Trd, 000279.646, 101
Trd, 000280.396, 110.0
Trd, 000282.688, 111.00600000000003
Trd, 000284.188, 115.0
Trd, 000285.875, 112.00500000000002
Trd, 000291.021, 112
Trd, 000291.875, 110.0
Trd, 000293.875, 99
Trd, 000300.354, 93.0
Trd, 000302.438, 103
Trd, 000302.458, 110
Trd, 000307.625, 102
Trd, 000307.958, 109
Trd, 000311.333, 110.0
Trd, 000319.958, 105
Trd, 000320.667, 108
Trd, 000321.146, 101.02700000000013
Trd, 000322.958, 103.001
Trd, 000328.979, 103
Trd, 000330.458, 101
Trd, 000331.479, 93.0
Trd, 000334.417, 100.999
Trd, 000335.042, 100
Trd, 000338.521, 102.0
Trd, 000340.729, 106
Trd, 000345.083, 103
Trd, 000347.875, 110.0
Trd, 000347.937, 115.0
Trd, 000349.187, 101.00900000000004
Trd, 000351.625, 105
Trd, 000357.500, 101.0220000000001
Trd, 000360.708, 100
Trd, 000361.604, 99
Trd, 000364.646, 99
Trd, 000364.750, 101.99599999999998
Trd, 000365.292, 102
Trd, 000368.312, 106
Trd, 000370.396, 104
Trd, 000372.354, 101
Trd, 000374.917, 97.00400000000002
Trd, 000386.104, 101.01300000000006
Trd, 000386.604, 102.0
Trd, 000389.062, 100
Trd, 000390.542, 99
Trd, 000400.146, 102
Trd, 000400.208, 103
Trd, 000405.146, 101
Trd, 000407.937, 102.99699999999999
Trd, 000408.104, 101
Trd, 000409.333, 102
Trd, 000410.229, 102.0
Trd, 000414.458, 102
Trd, 000418.833, 102.00500000000002
Trd, 000420.500, 102.00200000000001
Trd, 000423.042, 106
Trd, 000423.562, 103.00300000000001
Trd, 000426.187, 103
Trd, 000434.229, 104
Trd, 000435.042, 103.001
Trd, 000438.125, 107
Trd, 000438.500, 104
Trd, 000438.542, 110.0
Trd, 000443.479, 107
Trd, 000444.875, 105
Trd, 000448.854, 103
Trd, 000449.562, 118.98799999999994
Trd, 000452.271, 102
Trd, 000453.500, 118.98299999999992
Trd, 000453.729, 110.0
Trd, 000454.479, 119.0
Trd, 000469.125, 109.01200000000006
Trd, 000469.562, 109.999
Trd, 000469.708, 109.01000000000005
Trd, 000471.187, 110
Trd, 000471.958, 109
Trd, 000474.250, 105
Trd, 000481.208, 107
Trd, 000484.146, 100
Trd, 000484.812, 104
Trd, 000487.562, 93.0
Trd, 000489.229, 106
Trd, 000494.958, 89.0
Trd, 000498.458, 98
Trd, 000498.937, 97
Trd, 000501.854, 94
Trd, 000505.604, 92
Trd, 000509.937, 90.999
Trd, 000510.812, 91
Trd, 000511.792, 90
Trd, 000512.083, 102.0
Trd, 000515.437, 96.00200000000001
Trd, 000515.667, 106
Trd, 000517.458, 110.0
Trd, 000518.979, 99
Trd, 000523.104, 115.0
Trd, 000528.104, 118.999
Trd, 000529.208, 96.01600000000008
Trd, 000530.312, 119.0
Trd, 000534.562, 97.999
Trd, 000534.958, 92
Trd, 000535.354, 94
Trd, 000540.875, 102.0
Trd, 000543.229, 95
Trd, 000543.604, 96
Trd, 000548.062, 93.0
Trd, 000548.104, 102.0
Trd, 000550.167, 101
Trd, 000551.417, 99.001
Trd, 000552.312, 107
Trd, 000557.687, 99
Trd, 000559.146, 101
Trd, 000561.687, 98
Trd, 000571.333, 101.999
Trd, 000574.396, 99
Trd, 000578.187, 96.00600000000003
Trd, 000578.792, 97
Trd, 000581.583, 95
Trd, 000582.229, 102.0
Trd, 000587.292, 99.001
Trd, 000588.750, 100
Trd, 000590.646, 106
Trd, 000593.271, 99
Trd, 000593.562, 103
Trd, 000597.708, 97
