Trd, 000320.125, 102
Trd, 000322.737, 105
Trd, 000325.175, 103.99499999999998
Trd, 000326.325, 102.00200000000001
Trd, 000330.575, 102
Trd, 000330.987, 102.98799999999994
Trd, 000331.037, 101
Trd, 000332.550, 100
Trd, 000332.762, 99
Trd, 000334.825, 98
Trd, 000337.937, 98.999
Trd, 000337.987, 98
Trd, 000338.175, 97
Trd, 000339.162, 97.001
Trd, 000339.712, 97
Trd, 000340.375, 96
Trd, 000342.887, 96
Trd, 000343.887, 95.999
Trd, 000349.687, 95
Trd, 000352.150, 96.0
Trd, 000352.675, 97
Trd, 000353.275, 94.01200000000006
Trd, 000355.437, 95.001
Trd, 000357.112, 96
Trd, 000357.587, 95.00400000000002
Trd, 000360.825, 95
Trd, 000361.475, 96.999
Trd, 000361.737, 97
Trd, 000362.487, 98.0
Trd, 000364.762, 94.00200000000001
Trd, 000365.112, 101
Trd, 000366.512, 103.0
Trd, 000367.687, 97
Trd, 000373.712, 99
Trd, 000376.787, 99
Trd, 000378.575, 97.01000000000005
Trd, 000379.550, 97.01200000000006
Trd, 000381.987, 97.99699999999999
Trd, 000383.337, 97.01200000000006
Trd, 000384.475, 97
Trd, 000385.062, 97.99799999999999
Trd, 000385.987, 98.0
Trd, 000388.162, 96
Trd, 000390.200, 95
Trd, 000391.150, 97.999
Trd, 000391.912, 95
Trd, 000392.825, 96
Trd, 000393.762, 95
Trd, 000393.787, 93.0
Trd, 000394.937, 90.00200000000001
Trd, 000397.225, 96.99799999999999
Trd, 000397.325, 93.0
Trd, 000400.800, 95
Trd, 000401.550, 95
Trd, 000403.525, 95
Trd, 000407.475, 95
Trd, 000408.400, 94
Trd, 000409.600, 98.0
Trd, 000412.200, 101
Trd, 000417.725, 102.98799999999994
Trd, 000418.625, 100.001
Trd, 000419.162, 102.98899999999995
Trd, 000422.400, 101
Trd, 000423.162, 100.00200000000001
Trd, 000425.700, 100.00200000000001
Trd, 000425.987, 100.999
Trd, 000429.087, 100
Trd, 000429.875, 100
Trd, 000431.062, 102.99799999999999
Trd, 000431.962, 101
Trd, 000432.600, 100
Trd, 000434.087, 100
Trd, 000434.337, 103.0
Trd, 000434.475, 97
Trd, 000435.787, 103
Trd, 000438.237, 102
Trd, 000439.300, 101
Trd, 000439.850, 101
Trd, 000442.275, 105.999
Trd, 000442.437, 106.0
Trd, 000447.812, 102.00200000000001
Trd, 000450.837, 102.00700000000003
Trd, 000451.012, 102.00600000000003
Trd, 000452.775, 102.00300000000001
Trd, 000453.987, 101
Trd, 000455.525, 101
Trd, 000456.687, 102.999
Trd, 000457.462, 103
Trd, 000457.812, 100
Trd, 000461.950, 99
Trd, 000466.300, 100.99599999999998
Trd, 000466.512, 100.99699999999999
Trd, 000469.025, 100
Trd, 000469.150, 100
Trd, 000469.375, 99
Trd, 000471.550, 100
Trd, 000472.812, 101
Trd, 000478.575, 101
Trd, 000479.512, 100
Trd, 000481.050, 100
Trd, 000481.087, 102
Trd, 000482.850, 100.00300000000001
Trd, 000483.837, 101
Trd, 000484.087, 100.00900000000004
Trd, 000485.887, 101.001
Trd, 000491.262, 102.97399999999988
Trd, 000494.612, 102.97099999999986
Trd, 000495.637, 101.00700000000003
Trd, 000496.150, 102
Trd, 000496.337, 101
Trd, 000497.712, 100.00300000000001
Trd, 000499.787, 101.001
Trd, 000500.875, 101.99799999999999
Trd, 000502.525, 101
Trd, 000503.375, 100
Trd, 000503.937, 102
Trd, 000507.637, 100
Trd, 000509.962, 100.99399999999997
Trd, 000510.562, 100.001
Trd, 000510.575, 100.99699999999999
Trd, 000510.787, 101
Trd, 000511.150, 103.0
Trd, 000512.950, 100
Trd, 000516.237, 104
Trd, 000520.537, 101.00500000000002
Trd, 000520.987, 102
Trd, 000525.112, 102.99699999999999
Trd, 000525.262, 102.00500000000002
Trd, 000525.312, 102.00200000000001
Trd, 000525.375, 100
Trd, 000526.012, 102
Trd, 000527.012, 100
Trd, 000529.150, 102.99799999999999
Trd, 000530.725, 100
Trd, 000531.362, 101
Trd, 000532.262, 100.99699999999999
Trd, 000534.625, 98
Trd, 000535.425, 97
Trd, 000536.025, 100
Trd, 000539.600, 93.001
Trd, 000540.775, 97.999
Trd, 000547.337, 96.00500000000002
Trd, 000547.900, 96.99399999999997
Trd, 000548.162, 96.00400000000002
Trd, 000548.637, 96.99399999999997
Trd, 000548.725, 98
Trd, 000549.587, 96.00200000000001
Trd, 000550.300, 97.99599999999998
Trd, 000551.900, 96
Trd, 000555.750, 98
Trd, 000556.687, 98.0
Trd, 000558.250, 97
Trd, 000560.487, 99
Trd, 000561.500, 101
Trd, 000564.237, 100.00200000000001
Trd, 000564.362, 99
Trd, 000564.650, 103.0
Trd, 000567.775, 104
Trd, 000571.412, 101
Trd, 000576.775, 102
Trd, 000579.225, 100.00500000000002
Trd, 000581.162, 100.00200000000001
Trd, 000581.625, 99
Trd, 000583.025, 101
Trd, 000583.175, 101
Trd, 000583.775, 101
Trd, 000587.000, 100
Trd, 000587.287, 99
Trd, 000591.012, 101.999
Trd, 000594.275, 100
Trd, 000597.612, 99.99699999999999
Trd, 000597.800, 99.01200000000006
Trd, 000597.887, 99.01000000000005
Trd, 000600.112, 99.99499999999998
Trd, 000600.175, 99.99699999999999
Trd, 000601.062, 99
Trd, 000601.150, 101
Trd, 000602.062, 99
Trd, 000602.200, 99
Trd, 000602.350, 103.0
Trd, 000608.075, 101.99699999999999
Trd, 000608.688, 98
Trd, 000608.925, 102
Trd, 000612.900, 102
Trd, 000613.038, 97
Trd, 000615.400, 99
Trd, 000615.988, 98.999
Trd, 000616.213, 97.00200000000001
Trd, 000619.588, 96
Trd, 000623.713, 98.999
